@string{AnnENS = {{Ann. Sci. Ec. Norm. Sup. (4e s\'erie)}}}
@string{ArchBasel = {Arch. Math. (Basel)}}
@string{BullLMS = {{Bull. London Math. Soc.}}}
@string{Compositio = {{Compositio Math.}}}
@string{Crelle={{J.\ Reine Angew.\ Math.}}}
@string{ElecJComb = {{Electron. J. Combin.}}}
@string{EurJComb = {{Europ. J. Combinatorics}}}
@string{ExpMath = {{Experiment. Math.}}}
@string{IndagMath = {{Indag. Math.}}}
@string{Inventiones = {{Invent. Math.}}}
@string{Izvestia = {{Mathematics of the USSR --- Izvestia}}}
@string{JAlg = {{J. Algebra}}}
@string{JAlgComb = {{J. Algebraic Combin.}}}
@string{RepTh = {{Representation Theory}}}
@string{JSC = {{J. Symbolic Computation}}}
@string{MathAnn = {{Math. Ann.}}}

@book{aho_seti_ullman:1986,
author = {A.V. {Aho, R. Seti and J.D. Ullman}},
title = {{Compilers}},
publisher = {Addison-Wesley},
address = {Reading, Massachusetts},
year = {1986}
}

@article{alvis:1987,
author={D.\ Alvis},
title={{The Left Cells of the Coxeter Group of Type ${\rm H}_4$}},
journal=JAlg,
volume={{\bf 107}},
pages={160--168},
year={1987}
}

@article{alvis_lusztig:1982,
author={D.\ Alvis and G.\ Lusztig},
title={The representations and generic degrees of the Hecke algebra of type
${\rm H}_4$},
journal=Crelle,
volume={{\bf 336}},
pages={201--212},
year={1982}
}

@book{bourbaki:1968,
author = {N. Bourbaki},
title = {{Groupes et alg\`ebres de Lie, chap.\ 4-6}},
publisher = {Herrmann},
address = {Paris},
year = {1968}
}

@article{brenti:1994,
author = {F. Brenti},
title = {{A combinatorial formula for Kazhdan--Lusztig polynomials}},
journal = Inventiones,
volume = {{\bf 118}},
pages = {371--394},
year = {1994}
}

@unpublished{brenti:2002,
author = {F. Brenti},
title = {{The intersection cohomology of Schubert varieties is a combinatorial
invariant}},
note = {preprint},
year = {2002}
}

@article{brink:1998,
author = {B. Brink},
title = {{The set of dominance-minimal roots}},
journal = JAlg,
volume = {{\bf 206}},
pages = {371--412},
year = {1998}
}

@article{brink_howlett:1993,
author = {B. Brink and D. Howlett},
title = {{A finiteness property and an automatic structure for Coxeter 
groups}},
journal = MathAnn,
volume = {{\bf 296}},
pages = {179--190},
year = {1993}
}

@article{casselman:2000,
author = {W. Casselman},
title = {{Verifying Kottwitz' conjecture by computer}},
journal = RepTh,
volume = {{\bf 4}},
pages = {32--45},
year = {2000}
}

@article{casselman:2002,
author = {W. Casselman},
title = {{Computation in Coxeter groups. I. Multiplication.}},
journal = ElecJComb,
volume = {{\bf 9}},
number = {1},
pages = {Research Paper 25, 22 pages},
year = {2002},
}

@misc{casselman:home,
author = {W. Casselman},
howpublished = {\url{http://www.math.ubc.ca/people/faculty/cass/cass.html}}
}

@article{du_cloux:1999,
author = {{F. du} Cloux},
title = {{A transducer approach to Coxeter groups}},
journal = JSC,
volume = {{\bf 27}},
pages = {311--324},
year = {1999}
}

@article{du_cloux:2000,
author = {{F. du} Cloux},
title = {{An abstract model for Bruhat intervals}},
journal = EurJComb,
volume = {{\bf 21}},
pages = {197--222},
year = {2000}
}

@article{du_cloux:2002,
author = {{F. du} Cloux},
title = {{Computing Kazhdan-Lusztig polynomials in arbitrary Coxeter groups}},
journal = ExpMath,
volume = {{\bf 11}},
number = {3},
pages = {387--397},
year = {2002}
}

@misc{du_cloux:coxeter,
author = {{F. du} Cloux},
title = {{{\tt Coxeter}}},
howpublished = {available from 
\url{http://igd.univ-lyon1.fr/home/ducloux/coxeter/coxeter3/english/
coxeter3.html}}
}

@article{deodhar:1989,
author = {V. Deodhar},
title = {{A note on subgroups generated by reflections in Coxeter groups}},
journal = ArchBasel,
volume = {{\bf 53}},
number = {6},
pages = {543--546},
year = {1989}
}

@phdthesis{dyer:1987,
author = {M. Dyer},
title = {{Hecke algebras and reflections in Coxeter groups}},
school = {University of Sydney},
year = {1987},
}

@article{dyer:1990,
author = {M. Dyer},
title = {{Reflection subgroups of Coxeter systems}},
journal = JAlg,
volume = {{\bf 135}},
pages = {57--73},
year = {1990},
}

@article{dyer:1991,
author = {M. Dyer},
title = {{On the ``Bruhat graph'' of a Coxeter system}},
journal = Compositio,
volume = {{\bf 78}},
pages = {185--191},
year = {1991},
}

@inproceedings{dyer:1995,
author = {M. Dyer},
title = {{Representation theories from Coxeter groups}},
pages = {105--139},
booktitle = {Canadian Mathematical Society Conference Proceedings},
volume = {16},
year = {1995}
}

@book{geck_pfeiffer:2000,
author = {M. Geck and G. Pfeiffer},
title = {{Characters of finite Coxeter Groups and Iwahori-Hecke Algebras}},
series = {{London Mathematical Society Monographs (N.S.) 21}},
publisher = {Clarendon Press},
address = {Oxford},
year = {2000}
}

@misc{goresky:1996,
author = {M. Goresky},
title = {{Tables of Kazhdan-Lusztig polynomials}},
howpublished = {{available from \url{http://www.math.ias.edu/~goresky}}}
}

@book{humphreys:1990,
author = {J.E. Humphreys},
title = {{Reflection Groups and Coxeter Groups}},
publisher = {Cambridge University Press},
address = {Cambridge, UK},
year = {1990}
}

@book{helgason:2001,
author = {S. Helgason},
title = {{Differential Geometry, Lie Groups and Symmetric Spaces, corrected
reprint of the 1978 original}},
series = {{Graduate Studies in Mathematics}},
volume = {34},
publisher = {American Mathematical Society},
address = {Providence, R.I.},
year = {2001}
}

@article{irving:1988,
title={{The socle filtration of a Verma module}},
author={R.S.\ Irving},
journal=AnnENS,
volume={{\bf 21}},
year={1988},
pages={47--65}
}

@article{kl:1979,
author = {D. Kazhdan and G. Lusztig},
title = {{Representations of Coxeter groups and Hecke algebras}},
journal = Inventiones,
volume = {{\bf 53}},
pages = {165--184},
year = {1979}
}

@inproceedings{kl:1980,
author = {D. Kazhdan and G. Lusztig},
title = {{Schubert Varieties and Poincare Duality}},
booktitle = {{Geometry of the Laplace operator (Proc. Sympos. Pure Math., Univ.
Hawaii, Honolulu, Hawaii, 1979)}},
series = {Proc. Sympos. Pure Math.},
volume = {37},
publisher = {Amer. Math. Soc.},
address = {Providence, R.I.},
pages = {185--203},
year = {1980}
}

@inproceedings{lusztig:1985,
author = {G. Lusztig},
title = {{Cells in Affine Weyl Groups}},
booktitle = {{Algebraic Groups and related topics (Kyoto/Nagoya 1983)}},
series = {Adv. Stud. Pure Math.},
publisher = {North-Holland},
address = {Amsterdam},
volume = {6},
pages = {255--287},
year = {1985}
}

@article{shi:1997,
author = {J.-Y. Shi},
title = {{The Enumeration of Coxeter elements}},
journal = JAlgComb,
volume = {{\bf 6}},
pages = {161--171},
year = {1997}
}

@incollection{springer:1982,
author={T.A. Springer},
title={Quelques applications de la cohomologie d'intersection},
booktitle={S\'eminaire Bourbaki vol.\ 1981/82},
series={Ast\'erisque 92--93},
pages={249--273},
publisher={Soci\'et\'e Math\'ematique de France},
year={1982}
}

@book{stanley:1997,
author = {R.P. Stanley},
title = {{Enumerative Combinatorics}},
publisher = {Cambridge University Press},
address = {Cambridge, UK},
year = {1997}
}

@article{vdhombergh:1974,
author = {{A. van den} Hombergh},
title = {{About the automorphisms of the Bruhat ordering in a Coxeter group}},
journal = IndagMath,
volume = {{\bf 36}},
pages = {125--131},
year = {1974}
}

@article{verma:1971,
author = {D.-N. Verma},
title = {{M\"obius inversion for the Bruhat ordering on a Weyl group}},
journal = AnnENS,
volume = {{\bf 4}},
pages = {393--398},
year = {1971}
}

@article{vogan:1979,
author = {D.A. {Vogan Jr.}},
title = {{A generalized $\tau$-invariant for the primitive spectrum of a
semisimple Lie algebra}},
journal = MathAnn,
volume = {{\bf 242}},
pages = {209--224},
year = {1979}
}

@book{vogan:1981,
author = {D.A. {Vogan Jr.}},
title = {{Representations of Real Reductive Lie Groups}},
publisher = {{Birkh\"auser}},
address = {Boston, Mass.},
year = {1981}
}

@article{waterhouse:1989,
author = {W.C. Waterhouse},
title = {{Automorphisms of the Bruhat order on Coxeter groups}},
journal = BullLMS,
volume = {{\bf 21}},
pages = {243--248},
year = {1989}
}

